01REMESSA01COBRANCA       3916412426126000101                               748SICREDI        20180829        0000001                                                                                                                                                                                                                                                                                 2.00000001
1AAA            ABB                            182050927      20180829 N B0101    00000000000000            015051      0109180000000100000         AS220818060500000000000000000000000000000000000000000000000000000000002000007339957995Eduardo Vedelago                        Avenida Presidente Getúlio Vargas       00000000000 8023003000001                                                       000002
1AAA            ABB                            182050943      20180829 N B0101    00000000000000            015052      0209180000000200000         AS220818060500000000000000000000000000000000000000000000000000000000002000007339957995Eduardo Vedelago                        Avenida Presidente Getúlio Vargas       00000000000 8023003000001                                                       000003
1AAA            ABB                            182050960      20180829 N B0101    00000000000000            015053      0309180000000300000         AS220818060500000000000000000000000000000000000000000000000000000000002000007339957995Eduardo Vedelago                        Avenida Presidente Getúlio Vargas       00000000000 8023003000001                                                       000004
1AAA            ABB                            182050986      20180829 N B0101    00000000000000            015054      0409180000000400000         AS220818060500000000000000000000000000000000000000000000000000000000002000007339957995Eduardo Vedelago                        Avenida Presidente Getúlio Vargas       00000000000 8023003000001                                                       000005
1AAA            ABB                            182051001      20180829 N B0101    00000000000000            015055      0509180000000500000         AS220818060500000000000000000000000000000000000000000000000000000000002000007339957995Eduardo Vedelago                        Avenida Presidente Getúlio Vargas       00000000000 8023003000001                                                       000006
1AAA            ABB                            182051028      20180829 N B0101    00000000000000            015056      0609180000000612345         AS220818060500000000000000000000000000000000000000000000000000000000002000007339957995Eduardo Vedelago                        Avenida Presidente Getúlio Vargas       00000000000 8023003000001                                                       000007
1AAA            ABB                            182051044      20180829 N B0101    00000000000000            015058      0709180000000798765         AS220818060500000000000000000000000000000000000000000000000000000000002000007339957995Eduardo Vedelago                        Avenida Presidente Getúlio Vargas       00000000000 8023003000001                                                       000008
1AAA            ABB                            182051060      20180829 N B0101    00000000000000            015059      0809180000000800011         AS220818060500000000000000000000000000000000000000000000000000000000002000007339957995Eduardo Vedelago                        Avenida Presidente Getúlio Vargas       00000000000 8023003000001                                                       000009
1AAA            ABB                            182051087      20180829 N B0101    00000000000000            015060      0909180000000900050         AS220818060500000000000000000000000000000000000000000000000000000000002000007339957995Eduardo Vedelago                        Avenida Presidente Getúlio Vargas       00000000000 8023003000001                                                       000010
1AAA            ABB                            182051109      20180829 N B0101    00000000000000            015061      1009180000000101010         AS220818060500000000000000000000000000000000000000000000000000000000002000007339957995Eduardo Vedelago                        Avenida Presidente Getúlio Vargas       00000000000 8023003000001                                                       000011
9174839164                                                                                                                                                                                                                                                                                                                                                                                                000012